% Encoding: UTF-8

@InProceedings{bird2006nltk,
  author =       {Bird, Steven},
  title =        {NLTK: the natural language toolkit},
  booktitle =    {Proceedings of the COLING/ACL on Interactive presentation sessions},
  year =         {2006},
  pages =        {69--72},
  organization = {Association for Computational Linguistics}
}

@Book{bird2009natural,
  title =     {Natural language processing with Python},
  publisher = {" O'Reilly Media, Inc."},
  year =      {2009},
  author =    {Bird, Steven and Klein, Ewan and Loper, Edward}
}

@Article{blei2003latent,
  author =    {Blei, David M and Ng, Andrew Y and Jordan, Michael I},
  title =     {Latent dirichlet allocation},
  journal =   {the Journal of machine Learning research},
  year =      {2003},
  volume =    {3},
  pages =     {993--1022},
  publisher = {JMLR. org}
}

@Article{blei2007correlated,
  author =    {Blei, David M and Lafferty, John D},
  title =     {A correlated topic model of science},
  journal =   {The Annals of Applied Statistics},
  year =      {2007},
  pages =     {17--35},
  publisher = {JSTOR}
}

@Article{blei2009topic,
  author =  {Blei, David M and Lafferty, John D},
  title =   {Topic models},
  journal = {Text mining: classification, clustering, and applications},
  year =    {2009},
  volume =  {10},
  number =  {71},
  pages =   {34}
}

@InProceedings{chang2009latent,
  author =       {Chang, Ying-Lang and Chien, Jen-Tzung},
  title =        {Latent Dirichlet learning for document summarization},
  booktitle =    {Acoustics, Speech and Signal Processing, 2009. ICASSP 2009. IEEE International Conference on},
  year =         {2009},
  pages =        {1689--1692},
  organization = {IEEE}
}

@InCollection{gamon2005pulse,
  author =    {Gamon, Michael and Aue, Anthony and Corston-Oliver, Simon and Ringger, Eric},
  title =     {Pulse: Mining customer opinions from free text},
  booktitle = {Advances in Intelligent Data Analysis VI},
  publisher = {Springer},
  year =      {2005},
  pages =     {121--132}
}

@InProceedings{ganesan2010opinosis,
  author =       {Ganesan, Kavita and Zhai, ChengXiang and Han, Jiawei},
  title =        {Opinosis: a graph-based approach to abstractive summarization of highly redundant opinions},
  booktitle =    {Proceedings of the 23rd international conference on computational linguistics},
  year =         {2010},
  pages =        {340--348},
  organization = {Association for Computational Linguistics}
}

@Article{hartigan1979algorithm,
  author =    {Hartigan, John A and Wong, Manchek A},
  title =     {Algorithm AS 136: A k-means clustering algorithm},
  journal =   {Journal of the Royal Statistical Society. Series C (Applied Statistics)},
  year =      {1979},
  volume =    {28},
  number =    {1},
  pages =     {100--108},
  publisher = {JSTOR}
}

@InProceedings{hong2010empirical,
  author =       {Hong, Liangjie and Davison, Brian D},
  title =        {Empirical study of topic modeling in twitter},
  booktitle =    {Proceedings of the first workshop on social media analytics},
  year =         {2010},
  pages =        {80--88},
  organization = {ACM}
}

@Article{jackson2002concept,
  author =    {Jackson, Kristin M and Trochim, William MK},
  title =     {Concept mapping as an alternative approach for the analysis of open-ended survey responses},
  journal =   {Organizational Research Methods},
  year =      {2002},
  volume =    {5},
  number =    {4},
  pages =     {307--336},
  publisher = {Sage Publications}
}

@Book{kruskal1978multidimensional,
  title =     {Multidimensional scaling},
  publisher = {Sage},
  year =      {1978},
  author =    {Kruskal, Joseph B and Wish, Myron},
  volume =    {11}
}

@InProceedings{lau2011automatic,
  author =       {Lau, Jey Han and Grieser, Karl and Newman, David and Baldwin, Timothy},
  title =        {Automatic labelling of topic models},
  booktitle =    {Proceedings of the 49th Annual Meeting of the Association for Computational Linguistics: Human Language Technologies-Volume 1},
  year =         {2011},
  pages =        {1536--1545},
  organization = {Association for Computational Linguistics}
}

@InProceedings{lee2008opinion,
  author =       {Lee, Dongjoo and Jeong, Ok-Ran and Lee, Sang-goo},
  title =        {Opinion mining of customer feedback data on the web},
  booktitle =    {Proceedings of the 2nd international conference on Ubiquitous information management and communication},
  year =         {2008},
  pages =        {230--235},
  organization = {ACM}
}

@InProceedings{lee2010empirical,
  author =       {Lee, Sangno and Baker, Jeff and Song, Jaeki and Wetherbe, James C},
  title =        {An empirical comparison of four text mining methods},
  booktitle =    {System Sciences (HICSS), 2010 43rd Hawaii International Conference on},
  year =         {2010},
  pages =        {1--10},
  organization = {IEEE}
}

@Article{lehmann2015dbpedia,
  author =    {Lehmann, Jens and Isele, Robert and Jakob, Max and Jentzsch, Anja and Kontokostas, Dimitris and Mendes, Pablo N and Hellmann, Sebastian and Morsey, Mohamed and van Kleef, Patrick and Auer, S{\"o}ren and others},
  title =     {DBpedia--a large-scale, multilingual knowledge base extracted from Wikipedia},
  journal =   {Semantic Web},
  year =      {2015},
  volume =    {6},
  number =    {2},
  pages =     {167--195},
  publisher = {IOS Press}
}

@InProceedings{lin2003automatic,
  author =       {Lin, Chin-Yew and Hovy, Eduard},
  title =        {Automatic evaluation of summaries using n-gram co-occurrence statistics},
  booktitle =    {Proceedings of the 2003 Conference of the North American Chapter of the Association for Computational Linguistics on Human Language Technology-Volume 1},
  year =         {2003},
  pages =        {71--78},
  organization = {Association for Computational Linguistics}
}

@InProceedings{magatti2009automatic,
  author =       {Magatti, Davide and Calegari, Silvia and Ciucci, Davide and Stella, Fabio},
  title =        {Automatic labeling of topics},
  booktitle =    {2009 Ninth International Conference on Intelligent Systems Design and Applications},
  year =         {2009},
  pages =        {1227--1232},
  organization = {IEEE}
}

@Misc{mccallum2002mallet,
  author =       {Andrew Kachites McCallum},
  title =        {MALLET: A Machine Learning for Language Toolkit},
  howpublished = {http://mallet.cs.umass.edu},
  year =         {2002}
}

@InProceedings{mei2007automatic,
  author =       {Mei, Qiaozhu and Shen, Xuehua and Zhai, ChengXiang},
  title =        {Automatic labeling of multinomial topic models},
  booktitle =    {Proceedings of the 13th ACM SIGKDD international conference on Knowledge discovery and data mining},
  year =         {2007},
  pages =        {490--499},
  organization = {ACM}
}

@InProceedings{mei2007topic,
  author =       {Mei, Qiaozhu and Ling, Xu and Wondra, Matthew and Su, Hang and Zhai, ChengXiang},
  title =        {Topic sentiment mixture: modeling facets and opinions in weblogs},
  booktitle =    {Proceedings of the 16th international conference on World Wide Web},
  year =         {2007},
  pages =        {171--180},
  organization = {ACM}
}

@Article{pang2008opinion,
  author =    {Pang, Bo and Lee, Lillian},
  title =     {Opinion mining and sentiment analysis},
  journal =   {Foundations and trends in information retrieval},
  year =      {2008},
  volume =    {2},
  number =    {1-2},
  pages =     {1--135},
  publisher = {Now Publishers Inc.}
}

@InProceedings{ramage2009labeled,
  author =       {Ramage, Daniel and Hall, David and Nallapati, Ramesh and Manning, Christopher D},
  title =        {Labeled LDA: A supervised topic model for credit attribution in multi-labeled corpora},
  booktitle =    {Proceedings of the 2009 Conference on Empirical Methods in Natural Language Processing: Volume 1-Volume 1},
  year =         {2009},
  pages =        {248--256},
  organization = {Association for Computational Linguistics}
}

@InProceedings{riloff2005exploiting,
  author =       {Riloff, Ellen and Wiebe, Janyce and Phillips, William},
  title =        {Exploiting subjectivity classification to improve information extraction},
  booktitle =    {Proceedings of the National Conference On Artificial Intelligence},
  year =         {2005},
  volume =       {20},
  number =       {3},
  pages =        {1106},
  organization = {Menlo Park, CA; Cambridge, MA; London; AAAI Press; MIT Press; 1999}
}

@Article{sparck1972statistical,
  author =    {Sparck Jones, Karen},
  title =     {A statistical interpretation of term specificity and its application in retrieval},
  journal =   {Journal of documentation},
  year =      {1972},
  volume =    {28},
  number =    {1},
  pages =     {11--21},
  publisher = {MCB UP Ltd}
}

@Article{wang2010probabilistic,
  author =    {Wang, Wei and Barnaghi, Payam and Bargiela, Andrzej},
  title =     {Probabilistic topic models for learning terminological ontologies},
  journal =   {Knowledge and Data Engineering, IEEE Transactions on},
  year =      {2010},
  volume =    {22},
  number =    {7},
  pages =     {1028--1040},
  publisher = {IEEE}
}

@InProceedings{xia2011feature,
  author =       {Xia, Wei and He, Yanxiang and Tian, Ye and Chen, Qiang and Lin, Lu},
  title =        {Feature Expansion for Microblogging Text Based on Latent Dirichlet Allocation with User Feature},
  booktitle =    {Information Technology and Artificial Intelligence Conference (ITAIC), 2011 6th IEEE Joint International},
  year =         {2011},
  volume =       {1},
  pages =        {228--232},
  organization = {IEEE}
}

@InProceedings{ziegler2008mining,
  author =       {Ziegler, Cai-Nicolas and Skubacz, Michal and Viermetz, Maximilian},
  title =        {Mining and exploring unstructured customer feedback data using language models and treemap visualizations},
  booktitle =    {Proceedings of the 2008 IEEE/WIC/ACM International Conference on Web Intelligence and Intelligent Agent Technology-Volume 01},
  year =         {2008},
  pages =        {932--937},
  organization = {IEEE Computer Society}
}
